<?xml version="1.0" encoding="UTF-8"?><collection xmlns="http://www.loc.gov/MARC21/slim"><record><leader>00357nam--2200121-i-4500</leader><controlfield tag="001">000029617</controlfield><controlfield tag="002">20161230</controlfield><controlfield tag="005">20161230201037</controlfield><controlfield tag="008">060222s1000------------r-----000-0-eng-d</controlfield><datafield ind1=" " ind2=" " tag="100"><subfield code="a">Lide, R.W</subfield></datafield><datafield ind1=" " ind2=" " tag="245"><subfield code="a">The effect of prompt neutrons on the direction and time of flight of fission fragments</subfield></datafield><datafield ind1=" " ind2=" " tag="260"><subfield code="a">Oak Ridge National Laboratory, 1962. 79p</subfield></datafield><datafield ind1=" " ind2=" " tag="852"><subfield code="a">17816</subfield></datafield></record></collection>